@unpublished{1,
  title = {jpeg-compressor},
  author = {kornelski},
  note = {https://github.com/kornelski/jpeg-compressor}
}

@unpublished{2,
  title = {All you need to know about JPEG compression},
  author = {PC Plus},
  note = {https://www.techradar.com/news/computing/all-you-need-to-know-about-jpeg-compression-586268/2}
}

@unpublished{3,
  title = {JPEG Compression Algorithm},
  author = {Danoja Dias},
  note = {https://medium.com/@danojadias/jpeg-compression-algorithm-969af03773da}
}

@unpublished{4,
  title = {Huffman Coding | Greedy Algo-3},
  author = {Aashish Barnwal},
  note = {https://www.geeksforgeeks.org/huffman-coding-greedy-algo-3/}
}

