@unpublished{1,
  title = {OPENMP TIPS, TRICKS AND GOTCHAS},
  author = {Mark Bull},
  note = {Useful presentation explaining some OpenMP operations.}
}

@techreport{2,
  author = {Michael Suss and Claudia Leopold},
  title = {Common Mistakes in OpenMP and How To Avoid Them},
  institution = {University of Kassel},
  type = {Report}
}

@book{3,
 author = {Chandra, Robit and Dagum, Leonardo and Kohr, Dave and Maydan, Dror and McDonald, Jeff and Menon, Ramesh},
 title = {Parallel Programming in OpenMP},
 year = {2001},
 isbn = {1-55860-671-8, 9781558606715},
 publisher = {Morgan Kaufmann Publishers Inc.},
 address = {San Francisco, CA, USA},
}

